<?xml version="1.0" encoding="UTF-8"?><collection xmlns="http://www.loc.gov/MARC21/slim"><record><leader>00606nam--2200181-i-4500</leader><controlfield tag="001">000023793</controlfield><controlfield tag="002">20161230</controlfield><controlfield tag="005">20161230201035</controlfield><controlfield tag="008">060222s1000------------r-----000-0-fre-d</controlfield><datafield ind1=" " ind2=" " tag="040"><subfield code="a">IFIN-HH</subfield></datafield><datafield ind1=" " ind2=" " tag="041"><subfield code="a">fre</subfield></datafield><datafield ind1=" " ind2=" " tag="080"><subfield code="a">538.955:537.635(043)</subfield></datafield><datafield ind1="1" ind2=" " tag="100"><subfield code="a">Ghidalia, Wilfrid</subfield></datafield><datafield ind1="1" ind2="0" tag="245"><subfield code="a">Proprietes magnetiques et structure cristallographique de cocl2, 6h2o et cocl2, ed2oetude par resonance magnetique et diffraction de neutrons</subfield><subfield code="b">These</subfield><subfield code="c">Wilfrid ghidalia</subfield></datafield><datafield ind1=" " ind2=" " tag="260"><subfield code="a">Paris</subfield><subfield code="b">Universite Pierre Et Marie Curie</subfield><subfield code="c">1977</subfield></datafield><datafield ind1=" " ind2=" " tag="300"><subfield code="a">112P.+ 9FIG</subfield></datafield><datafield ind1=" " ind2=" " tag="852"><subfield code="a">46475</subfield><subfield code="c">537:538</subfield></datafield><datafield ind1=" " ind2=" " tag="CAT"><subfield code="a">Sys</subfield><subfield code="c">20110622</subfield><subfield code="h">144555</subfield></datafield></record></collection>